@book{gerald2000analisis,
  title={An{\'a}lisis num{\'e}rico con aplicaciones},
  author={Gerald, C.F. and Wheatley, P.O. and Vel{\'a}zquez, H.V. and Sotelo, J.C.V.},
  isbn={9789684443938},
  series={Pearson educaci{\'o}n},
  url={http://books.google.es/books?id=CNlWAAAACAAJ},
  year={2000},
  publisher={Pearson Educaci{\'o}n}
}

@book{nagle2005ecuaciones,
  title={Ecuaciones diferenciales y problemas con valores en la frontera},
  author={Nagle, R.K. and Saff, E.B. and Snider, A.D.},
  isbn={9789702605928},
  url={http://books.google.es/books?id=-P76slq9Kf8C},
  year={2005},
  publisher={Pearson Educaci{\'o}n}
}